%%%%%%%%%%%%%%%%%%%%%%%%%%%%%%
%%%%%%%%%% TEXTBOOK %%%%%%%%%%
%%%%%%%%%%%%%%%%%%%%%%%%%%%%%%

@book{bera2019microwave_active_devices,
  title={Microwave active devices and circuits for communication},
  author={Bera, Subhash Chandra},
  year={2019},
  publisher={Springer}
}

@book{griffiths2023introduction,
  title={Introduction to electrodynamics},
  author={Griffiths, David J},
  year={2023},
  publisher={Cambridge University Press}
}

@book{balanis2024balanis,
  title={Balanis' Advanced Engineering Electromagnetics},
  author={Balanis, Constantine A},
  year={2024},
  publisher={John Wiley \& Sons}
}

@book{balanis2016antenna,
  title={Antenna theory: analysis and design},
  author={Balanis, Constantine A},
  year={2016},
  publisher={John wiley \& sons}
}

@book{pozar2021microwave,
  title={Microwave engineering: theory and techniques},
  author={Pozar, David M},
  year={2021},
  publisher={John wiley \& sons}
}

@book{stutzman2012antenna,
  title={Antenna theory and design},
  author={Stutzman, Warren L and Thiele, Gary A},
  year={2012},
  publisher={John Wiley \& Sons}
}

@article{kraus2002antennas,
  title={Antennas for all applications},
  author={Kraus, John Daniel and Marhefka, Ronald J},
  journal={Antennas for all applications},
  year={2002}
}

@book{landau2013classical,
  title={The classical theory of fields},
  author={Landau, Lev Davidovich},
  volume={2},
  year={2013},
  publisher={Elsevier}
}

@book{jackson1999classical,
  title={Classical electrodynamics},
  author={Jackson, John David},
  year={1999},
  publisher={John Wiley \& Sons}
}

@book{gustrau2025rf,
  title={RF and microwave engineering: fundamentals of wireless communications},
  author={Gustrau, Frank},
  year={2025},
  publisher={John Wiley \& Sons}
}

@book{ott2011electromagnetic,
  title={Electromagnetic compatibility engineering},
  author={Ott, Henry W},
  year={2011},
  publisher={John Wiley \& Sons}
}

@book{paul2022introduction,
  title={Introduction to electromagnetic compatibility},
  author={Paul, Clayton R and Scully, Robert C and Steffka, Mark A},
  year={2022},
  publisher={John Wiley \& Sons}
}

%%%%%%%%%%%%%%%%%%%%%%%%%%%%%%
%%%%%%%%%% DATASHEET & SIMULATION MODEL %%%%%%%%%%
%%%%%%%%%%%%%%%%%%%%%%%%%%%%%%

@misc{kemet_CBR04C229C5GAC,
  author       = {{KEMET}},
  title        = {{CBR04C229C5GAC – Multilayer Ceramic Capacitors MLCC - SMD/SMT}},
  howpublished = {\url{https://www.mouser.com/ProductDetail/KEMET/CBR04C229C5GAC?qs=vK%252B0S%252Bk5L453HAEdxFd%252BPg%3D%3D}},
  note         = {Accessed: 2025-06-15},
  year         = {2025}
}

@misc{johanson_ADS_library,
  author       = {{Johanson Technology}},
  title        = {{Keysight ADS Libraries – Designer Libraries}},
  howpublished = {\url{https://www.johansontechnology.com/downloads/designer-libraries/keysight-ads-libraries/}},
  note         = {Accessed: 2025-06-15},
  year         = {2025}
}

@misc{johanson_rf,
  author       = {{Johanson Technology}},
  title        = {{RF Inductor LRC0402CJ22NGV001T Technical Datasheet (PDF)}},
  howpublished = {\url{https://www.mouser.vn/datasheet/2/611/jti_cat_rf_ind-844822.pdf}},
  note         = {Accessed: 2025-06-17},
  year         = {2025}
}

@misc{skyworks_smp1320,
  author       = {{Skyworks Solutions, Inc.}},
  title        = {{SMP1320 Series: Low Resistance, Low Capacitance, Plastic Packaged PIN Diodes (Data Sheet 200047S)}},
  howpublished = {\url{https://d1ehax0mqsd4rz.cloudfront.net/-/media/SkyWorks/Documents/Products/101-200/SMP1320_Series_200047S.pdf?rev=1504564d0a7a464d9ed5aacda467f4c9}},
  note         = {Accessed: 2025-06-23},
  year         = {2018},
  month        = nov
}

@misc{infineon_BAR50_series,
  author       = {{Infineon Technologies AG}},
  title        = {{BAR50 Series: Current‑Controlled RF Resistor / PIN Diode (Data Sheet v01.01)}},
  howpublished = {\url{https://www.infineon.com/dgdl/Infineon-BAR50SERIES-DS-v01_01-en.pdf?fileId=db3a304314dca3890114fea7dd410a92}},
  note         = {Accessed: 2025-06-23; Published: Sep 13, 2011},
  year         = {2011},
  month        = sep
}

@misc{macom_MADP000907,
  author       = {{MACOM Technology Solutions Inc.}},
  title        = {{MADP‑000907‑14020x: Solderable AlGaAs Flip‑Chip PIN Diode (RevV8)}},
  howpublished = {\url{https://cdn.macom.com/datasheets/MADP-000907-14020x.pdf}},
  note         = {Accessed: 2025-06-23; Revision V8, published = 6years ago},
  year         = {2019}
}


%%%%%%%%%%%%%%%%%%%%%%%%%%%%%%
%%%%%%%%%% PAPERS %%%%%%%%%%
%%%%%%%%%%%%%%%%%%%%%%%%%%%%%%

%%%%% Review %%%%%

@article{https://doi.org/10.1155/2024/3046393,
author = {Zhang, Mingyue and Xu, Guangyu and Gao, Renjing},
title = {Reconfigurable Antennas for Wireless Communication: Design Mechanism, State of the Art, Challenges, and Future Perspectives},
journal = {International Journal of Antennas and Propagation},
volume = {2024},
number = {1},
pages = {3046393},
keywords = {bistable composite, design mechanism, electrical switches, physical structure change, reconfigurable antenna, smart materials},
doi = {https://doi.org/10.1155/2024/3046393},
url = {https://onlinelibrary.wiley.com/doi/abs/10.1155/2024/3046393},
eprint = {https://onlinelibrary.wiley.com/doi/pdf/10.1155/2024/3046393},
abstract = {The rapid development of wireless technology has heightened the requirement for antenna performance. Traditional antennas, characterized by their static performance, are no longer sufficient to accommodate the dynamic requirements of modern wireless systems. The advent of reconfigurable antennas has opened new horizons for unleashing the full potential of wireless communication systems. These antennas are versatile and can switch various performance modes in a simple yet ingenious structure. Based on the cutting-edge research, this paper deeply explores their core design principles, the latest breakthroughs, and the ingenious methods. Through an in-depth analysis of a multitude of reconfigurable antenna design cases, existing design methods are categorized into four categories: electronic and optical switches, structural physical change, smart materials, and bistable composites. Each category is subjected to a meticulous dissection, revealing the underlying design mechanisms, highlighting innovativeness, and discussing both the strengths and limitations. Furthermore, by conducting a comprehensive comparative analysis, this paper concludes the forthcoming challenges and prospective trajectories for this research domain. Therefore, this paper can serve as a valuable reference for researchers seeking to deepen their understanding and application of various reconfiguration methods in the design of reconfigurable antennas, guiding them toward the forefront of antenna technology innovation.},
year = {2024}
}

@ARTICLE{10577159,
  author={Suryapaga, Venkataswamy and Khairnar, Vikas V.},
  journal={IEEE Access}, 
  title={Review on Multifunctional Pattern and Polarization Reconfigurable Antennas}, 
  year={2024},
  volume={12},
  number={},
  pages={90218-90251},
  keywords={Antenna radiation patterns;Antennas;PIN photodiodes;Varactors;Reviews;Directive antennas;Resonant frequency;Reconfigurable devices;Pattern analysis;Polarization;Reconfigurable antenna;pattern reconfigurable antenna;beamwidth reconfigurable antenna;pattern and polarization reconfigurable antenna},
  doi={10.1109/ACCESS.2024.3420426}
}

@ARTICLE{10130278,
  author={Ahmed, Foez and Singh, Khushboo and Esselle, Karu P.},
  journal={IEEE Access}, 
  title={State-of-the-Art Passive Beam-Steering Antenna Technologies: Challenges and Capabilities}, 
  year={2023},
  volume={11},
  number={},
  pages={69101-69116},
  keywords={Phased arrays;Antennas;Antenna arrays;Transmitting antennas;Metamaterials;Reflector antennas;Satellite antennas;Antennas;arrays;beam-scanning;beam-steering;feed-tuning;global connectivity;high-gain;metamaterials;metasurfaces;near-field meta-steering;phase gradient;phase correction;phase transformation;reflectarrays;satellite communication;high-power;space;transmitarrays;CubeSat},
  doi={10.1109/ACCESS.2023.3278570}
}

@ARTICLE{10559833,
  author={Praveen Kumar, B. and Kommuri, Usha Kiran},
  journal={IEEE Access}, 
  title={Review on 5G Small Cell Base Station Antennas: Design Challenges and Technologies}, 
  year={2024},
  volume={12},
  number={},
  pages={85899-85928},
  keywords={5G mobile communication;Antennas;Phased arrays;Millimeter wave technology;Mobile antennas;Aperture antennas;Dipole antennas;Submillimeter wave propagation;Massive MIMO;5G antenna;sub 6-GHz;millimeter wave;SBS;beamforming;phased array;massive MIMO},
  doi={10.1109/ACCESS.2024.3415640}
}

%%%%% Reconfirable %%%%%

% Pin diode
@ARTICLE{989863,
  author={Fan Yang and Rahmat-Samii, Y.},
  journal={IEEE Microwave and Wireless Components Letters}, 
  title={A reconfigurable patch antenna using switchable slots for circular polarization diversity}, 
  year={2002},
  volume={12},
  number={3},
  pages={96-98},
  keywords={Patch antennas;Polarization;Switches;Microstrip antennas;Communication switching;Turning;Diodes;Antenna feeds;Probes;Wireless communication},
  doi={10.1109/7260.989863}
}

%MEMS
@ARTICLE{1367557,
  author={Cetiner, B.A. and Jafarkhani, H. and Jiang-Yuan Qian and Hui Jae Yoo and Grau, A. and De Flaviis, F.},
  journal={IEEE Communications Magazine}, 
  title={Multifunctional reconfigurable MEMS integrated antennas for adaptive MIMO systems}, 
  year={2004},
  volume={42},
  number={12},
  pages={62-70},
  keywords={Micromechanical devices;Adaptive arrays;Adaptive systems;MIMO;Antenna theory;Adaptive coding;Modulation coding;Channel capacity;Robustness;Wireless communication},
  doi={10.1109/MCOM.2004.1367557}
}

% Liquid metal
@ARTICLE{6144717,
  author={Rodrigo, Daniel and Jofre, Lluís and Cetiner, Bedri A.},
  journal={IEEE Transactions on Antennas and Propagation}, 
  title={Circular Beam-Steering Reconfigurable Antenna With Liquid Metal Parasitics}, 
  year={2012},
  volume={60},
  number={4},
  pages={1796-1802},
  keywords={Antenna radiation patterns;Antenna measurements;Metals;Impedance matching;Shape;Prototypes;Beam steering;electrowetting on dielectric;fluidic microsystems;liquid metal antenna;reconfigurable antennas;Yagi-Uda antennas},
  doi={10.1109/TAP.2012.2186235}
}

@ARTICLE{8106792,
  author={Zhang, George B. and Gough, Ryan C. and Moorefield, Matthew R. and Cho, Kevin J. and Ohta, Aaron T. and Shiroma, Wayne A.},
  journal={IEEE Antennas and Wireless Propagation Letters}, 
  title={A Liquid-Metal Polarization-Pattern-Reconfigurable Dipole Antenna}, 
  year={2018},
  volume={17},
  number={1},
  pages={50-53},
  keywords={Metals;Fixtures;Liquids;Gain;Dipole antennas;Wires;Dipole;electrocapillary action;liquid metal},
  doi={10.1109/LAWP.2017.2773076}
}

  @ARTICLE{9173838,
  author={Arbelaez, Arcesio and Goode, Ian and Gomez-Cruz, Juan and Escobedo, Carlos and Saavedra, Carlos E.},
  journal={Canadian Journal of Electrical and Computer Engineering}, 
  title={Liquid Metal Reconfigurable Patch Antenna for Linear, RH, and LH Circular Polarization With Frequency Tuning}, 
  year={2020},
  volume={43},
  number={4},
  pages={218-223},
  keywords={Liquids;Metals;Antenna measurements;Containers;Loss measurement;Antenna radiation patterns;Circular patch;circular polarization (CP);fluidic;linear polarization (LP);liquid metal;microstrip antenna;reconfigurable;tunable},
  doi={10.1109/CJECE.2019.2904898}
}

@ARTICLE{9093995,
  author={Yang, Xu and Liu, Ying and Lei, Haoyu and Jia, Yongtao and Zhu, Peisheng and Zhou, Zhipeng},
  journal={IEEE Transactions on Antennas and Propagation}, 
  title={A Radiation Pattern Reconfigurable Fabry–Pérot Antenna Based on Liquid Metal}, 
  year={2020},
  volume={68},
  number={11},
  pages={7658-7663},
  keywords={Antenna radiation patterns;Reflector antennas;Liquids;Metals;Directive antennas;Substrates;Beam steering;Fabry–Pérot (FP) antenna;liquid metal;reconfigurable antenna},
  doi={10.1109/TAP.2020.2993310}
}

@ARTICLE{9351606,
  author={Hao, Jiaxiang and Ren, Jian and Du, Xiaoyu and Mikkelsen, Jan Hvolgaard and Shen, Ming and Yin, Ying Zeng},
  journal={IEEE Antennas and Wireless Propagation Letters}, 
  title={Pattern-Reconfigurable Yagi–Uda Antenna Based on Liquid Metal}, 
  year={2021},
  volume={20},
  number={4},
  pages={587-591},
  keywords={Dipole antennas;Metals;Antenna radiation patterns;Liquids;Antenna measurements;Microfluidics;Antennas;3-D printing;bidirectional radiation;directional radiation;Ecoflex elastomer;liquid metal;microfluidic channels;pattern-reconfigurable;Yagi–Uda antenna},
  doi={10.1109/LAWP.2021.3058115}}

% Mechanically configurable

@ARTICLE{1011228,
  author={Washington, G. and Hwan-Sik Yoon and Angelino, M. and Theunissen, W.H.},
  journal={IEEE Transactions on Antennas and Propagation}, 
  title={Design, modeling, and optimization of mechanically reconfigurable aperture antennas}, 
  year={2002},
  volume={50},
  number={5},
  pages={628-637},
  keywords={Design optimization;Aperture antennas;Shape;Reflector antennas;Satellite antennas;Satellite broadcasting;Antenna arrays;Phased arrays;Frequency;Actuators},
  doi={10.1109/TAP.2002.1011228}}

@ARTICLE{8360444,
  author={McMichael, Ian T.},
  journal={IEEE Antennas and Wireless Propagation Letters}, 
  title={A Mechanically Reconfigurable Patch Antenna With Polarization Diversity}, 
  year={2018},
  volume={17},
  number={7},
  pages={1186-1189},
  keywords={Substrates;Antenna measurements;Patch antennas;Fasteners;Polarization;Gain;Patch antenna;polarization diversity;reconfigurable antenna},
  doi={10.1109/LAWP.2018.2837902}}

  @INPROCEEDINGS{10701690,
  author={Singh, Khushboo and Nabeel, Maira I. and Thalakotuna, Dushmantha and Esselle, Karu},
  booktitle={2024 International Conference on Electromagnetics in Advanced Applications (ICEAA)}, 
  title={Steering the Beam of an End-Fire Antenna Using Near-Field Meta-Steering Method}, 
  year={2024},
  volume={},
  number={},
  pages={361-366},
  keywords={Technological innovation;Helical antennas;Spirals;Three-dimensional displays;Wireless networks;Directive antennas;Metasurfaces;Antennas;Gain;Antenna radiation patterns;phase-gradient metasurface;beam-steering;log spiral antenna;near-field meta-steering},
  doi={10.1109/ICEAA61917.2024.10701690}
}

%%%%% Beam-steering antenna %%%%%

% Phase array monopole
@ARTICLE{1603584,
  author={Uthansakul, M. and Bialkowski, M.E.},
  journal={IEEE Microwave and Wireless Components Letters}, 
  title={Wideband beam and null steering using a rectangular array of planar monopoles}, 
  year={2006},
  volume={16},
  number={3},
  pages={116-118},
  keywords={Wideband;Broadband antennas;Frequency;Broadband amplifiers;Attenuators;Costs;Antenna arrays;Discrete Fourier transforms;Antenna radiation patterns;Beams;Adaptive arrays;array signal processing;beam steering;interference suppression},
  doi={10.1109/LMWC.2006.869863}}

@ARTICLE{6107540,
  author={Liu, Hai-Tao and Gao, Steven and Loh, Tian-Hong},
  journal={IEEE Transactions on Antennas and Propagation}, 
  title={Electrically Small and Low Cost Smart Antenna for Wireless Communication}, 
  year={2012},
  volume={60},
  number={3},
  pages={1540-1549},
  keywords={Varactors;Antenna measurements;Voltage control;Resistance;Equivalent circuits;Antenna radiation patterns;Beam forming;beam steering;ESPAR;small antenna;smart antenna},
  doi={10.1109/TAP.2011.2180300}
}

% Patch array
@ARTICLE{8954876,
  author={Hamza, Muhammad and Zekios, Constantinos L. and Georgakopoulos, Stavros V.},
  journal={IEEE Transactions on Antennas and Propagation}, 
  title={A Thick Origami Reconfigurable and Packable Patch Array With Enhanced Beam Steering}, 
  year={2020},
  volume={68},
  number={5},
  pages={3653-3663},
  keywords={Antenna arrays;Fasteners;Substrates;Beam steering;Antenna measurements;Antenna radiation patterns;Antenna arrays;differential feeding;pattern reconfiguration;surrogate hinge;thick origami},
  doi={10.1109/TAP.2020.2963922}
}

@ARTICLE{4435062,
  author={Yusuf, Yazid and Gong, Xun},
  journal={IEEE Antennas and Wireless Propagation Letters}, 
  title={A Low-Cost Patch Antenna Phased Array With Analog Beam Steering Using Mutual Coupling and Reactive Loading}, 
  year={2008},
  volume={7},
  number={},
  pages={81-84},
  keywords={Phased arrays;Patch antennas;Antenna arrays;Beam steering;Mutual coupling;Loaded antennas;Antenna measurements;Phase measurement;Phase shifters;Costs;Beam steering;mutual coupling;patch antenna;phase shifter;phased arrays;Beam steering;mutual coupling;patch antenna;phase shifter;phased arrays},
  doi={10.1109/LAWP.2008.916689}
}

@ARTICLE{9769906,
  author={Zhang, Yujie and Tang, Shiwen and Han, Zixiang and Rao, Junhui and Shen, Shanpu and Li, Min and Chiu, Chi-Yuk and Murch, Ross},
  journal={IEEE Transactions on Antennas and Propagation}, 
  title={A Low-Profile Microstrip Vertically Polarized Endfire Antenna With 360° Beam-Scanning and High Beam-Shaping Capability}, 
  year={2022},
  volume={70},
  number={9},
  pages={7691-7702},
  keywords={Antennas;Antenna radiation patterns;Substrates;Geometry;Directive antennas;Microstrip antennas;Dipole antennas;Beam-scanning;pattern-reconfigurable antenna;planar antenna;smart antenna;vertical polarization},
  doi={10.1109/TAP.2022.3171342}
}


% Reconfigurable metasurface
@ARTICLE{10785547,
  author={Wang, Zhan and Liu, Yuerong and Dong, Yuandan},
  journal={IEEE Transactions on Antennas and Propagation}, 
  title={Beam-Switchable Digital Conformal Array With Metasurface Phase Compensation}, 
  year={2025},
  volume={73},
  number={3},
  pages={1523-1536},
  keywords={Phased arrays;Switches;Metasurfaces;Antenna arrays;Microstrip;PIN photodiodes;Microstrip antenna arrays;Costs;Arrays;Wireless communication;Beam-switchable antenna;bit array;conformal array;digital antenna/array;metasurface phase compensation;reconfigurable antenna;smart antenna},
  doi={10.1109/TAP.2024.3508138}
}

% Reconfigureble patch
@ARTICLE{5456147,
  author={Nair, S. V. Shynu and Ammann, Max J.},
  journal={IEEE Antennas and Wireless Propagation Letters}, 
  title={Reconfigurable Antenna With Elevation and Azimuth Beam Switching}, 
  year={2010},
  volume={9},
  number={},
  pages={367-370},
  keywords={Azimuth;Switches;Communication switching;Microstrip antennas;P-i-n diodes;Antenna arrays;Dipole antennas;Phased arrays;Communication system control;Frequency;Beam steering;p-i-n diodes;reconfigurable antenna},
  doi={10.1109/LAWP.2010.2049332}
}

% Reconfigurable Yagi
@ARTICLE{10818738,
  author={Liu, Yuerong and Wang, Zhan and Dong, Yuandan},
  journal={IEEE Antennas and Wireless Propagation Letters}, 
  title={Vertically Polarized, Pattern-Reconfigurable, Yagi–Uda Dielectric Resonator Antenna}, 
  year={2025},
  volume={24},
  number={4},
  pages={1018-1022},
  keywords={Antenna radiation patterns;Dielectric resonator antennas;PIN photodiodes;Yagi-Uda antennas;Reflector antennas;Antennas;Switches;Probes;Dielectrics;Substrates;Dielectric resonator antenna (DRA);pattern-reconfigurable antenna;vertical polarization;Yagi–Uda antenna},
  doi={10.1109/LAWP.2024.3524421}
}

@ARTICLE{7001061,
  author={Ren, Jian and Yang, Xi and Yin, Jiayuan and Yin, Yingzeng},
  journal={IEEE Antennas and Wireless Propagation Letters}, 
  title={A Novel Antenna with Reconfigurable Patterns Using H-Shaped Structures}, 
  year={2015},
  volume={14},
  number={},
  pages={915-918},
  keywords={Antenna radiation patterns;Antenna measurements;Dipole antennas;Broadband antennas;PIN photodiodes;Wireless communication;H-Shaped structures;pattern reconfigurable;periodic structure;PIN},
  doi={10.1109/LAWP.2014.2387292}
}

@ARTICLE{7636946,
  author={Zhang, Long and Gao, Steven and Luo, Qi and Young, Paul R. and Li, Qingxia},
  journal={IEEE Transactions on Antennas and Propagation}, 
  title={Planar Ultrathin Small Beam-Switching Antenna}, 
  year={2016},
  volume={64},
  number={12},
  pages={5054-5063},
  keywords={Dipole antennas;Azimuth;Switches;Antenna measurements;Antenna radiation patterns;Directive antennas;Beam-switching;crossed dipoles;electronically steerable parasitic array radiator (ESAPR);planar antenna;smart antenna},
  doi={10.1109/TAP.2016.2620490}
}

% Reconfigurable MED
@ARTICLE{10621581,
  author={Han, Shiqi and Wang, Zhan and Dong, Yuandan},
  journal={IEEE Antennas and Wireless Propagation Letters}, 
  title={Planar Beam-Steering Dielectric Resonator Antenna Based on Hybrid Excitation Method}, 
  year={2024},
  volume={23},
  number={11},
  pages={3609-3613},
  keywords={Antenna radiation patterns;Antenna measurements;Switches;PIN photodiodes;Dielectric resonator antennas;Probes;Reconfigurable devices;Biased feed;dielectric resonator antenna (DRA);Huygens source;pattern-reconfigurable antenna},
  doi={10.1109/LAWP.2024.3437485}
}

@ARTICLE{7815297,
  author={Tang, Ming-Chun and Zhou, Boya and Ziolkowski, Richard W.},
  journal={IEEE Transactions on Antennas and Propagation}, 
  title={Low-Profile, Electrically Small, Huygens Source Antenna With Pattern-Reconfigurability That Covers the Entire Azimuthal Plane}, 
  year={2017},
  volume={65},
  number={3},
  pages={1063-1072},
  keywords={Dipole antennas;Antenna radiation patterns;Transmission line antennas;Dielectric resonator antennas;Microstrip antenna arrays;Finite element analysis;Electrically small antennas (ESAs);Huygens source antennas;low-profile antennas;near-field resonant parasitic (NFRP) elements;pattern-reconfigurable antennas},
  doi={10.1109/TAP.2016.2647712}
}

@ARTICLE{8753674,
  author={Wu, Zhentian and Tang, Ming-Chun and Li, Mei and Ziolkowski, Richard W.},
  journal={IEEE Transactions on Antennas and Propagation}, 
  title={Ultralow-Profile, Electrically Small, Pattern-Reconfigurable Metamaterial-Inspired Huygens Dipole Antenna}, 
  year={2020},
  volume={68},
  number={3},
  pages={1238-1248},
  keywords={Strips;Dipole antennas;Copper;Antenna radiation patterns;PIN photodiodes;Substrates;Antenna measurements;Electrically small antennas (ESAs);Huygens dipole antennas (HDAs);metamaterial-inspired antennas;pattern-reconfigurable antennas;ultralow-profile antennas},
  doi={10.1109/TAP.2019.2925280}
}

@ARTICLE{8421283,
  author={Ouyang, Jun and Pan, Yong Mei and Zheng, Shao Yong},
  journal={IEEE Transactions on Antennas and Propagation}, 
  title={Center-Fed Unilateral and Pattern Reconfigurable Planar Antennas With Slotted Ground Plane}, 
  year={2018},
  volume={66},
  number={10},
  pages={5139-5149},
  keywords={Antenna radiation patterns;Dipole antennas;Dielectric resonator antennas;Slot antennas;Reflector antennas;Current distribution;Reflection coefficient;Complementary antenna;pattern reconfigurable;planar antenna;unilateral radiation},
  doi={10.1109/TAP.2018.2860046}
}

@ARTICLE{9789208,
  author={Wang, Zhan and Zhao, Shengnan and Dong, Yuandan},
  journal={IEEE Transactions on Antennas and Propagation}, 
  title={Miniaturized, Vertically Polarized, Pattern Reconfigurable Dielectric Resonator Antenna and Its Phased Array for Wide-Angle Beam Steering}, 
  year={2022},
  volume={70},
  number={10},
  pages={9233-9246},
  keywords={Phased arrays;Broadband antennas;Switches;Resonant frequency;Dielectric resonator antennas;5G mobile communication;Metamaterials;Beam scanning;beam-steering antenna;dielectric resonator (DR);metamaterial;miniaturization;pattern reconfigurable antenna;wide-angle beam-scanning phased array},
  doi={10.1109/TAP.2022.3178876}
}

% Reconfigurable slot
@ARTICLE{10848311,
  author={Wang, Zhan and Dong, Yuandan},
  journal={IEEE Antennas and Wireless Propagation Letters}, 
  title={High-Order-Mode Antenna With Pattern Reconfigurability for Intelligent IoT Applications}, 
  year={2025},
  volume={24},
  number={5},
  pages={1258-1262},
  keywords={Antenna radiation patterns;Slot antennas;Antenna measurements;Switches;Antenna feeds;Wireless communication;Broadband antennas;Reflector antennas;Impedance;Internet of Things;High-gain antenna;high-order mode;intelligent internet-of-Things (IoT) application;pattern-reconfigurable antenna;slot antenna},
  doi={10.1109/LAWP.2025.3532352}
}


%%%%% Slot antenna %%%%%

% Folded slot
@INPROCEEDINGS{4554837,
  author={Kim, Yong-jin and Kim, Joong-kwan and Kim, Jung-han and Lee, Hong-min},
  booktitle={2007 Asia-Pacific Microwave Conference}, 
  title={Reconfigurable Annular Ring Slot Antenna with Circular Polarization Diversity}, 
  year={2007},
  volume={},
  number={},
  pages={1-4},
  keywords={Slot antennas;Polarization;Bandwidth;Impedance;Broadband antennas;Digital multimedia broadcasting;Diodes;Frequency;Mobile antennas;Satellite antennas;SDMB;Circular Polarization Diversity;Reconfigurable Antenna;PIN diode},
  doi={10.1109/APMC.2007.4554837}
}

% Folded slot with coplanar feed
@ARTICLE{475932,
  author={Weller, T.M. and Katehi, L.P.B. and Rebeiz, G.M.},
  journal={IEEE Transactions on Antennas and Propagation}, 
  title={Single and double folded-slot antennas on semi-infinite substrates}, 
  year={1995},
  volume={43},
  number={12},
  pages={1423-1428},
  keywords={Dielectric substrates;Impedance;Silicon;Guidelines;Transmission line antennas;Coplanar waveguides;Coplanar transmission lines;Integral equations;Green's function methods;Resonance},
  doi={10.1109/8.475932}
}

%Babinet
@ARTICLE{8594574,
  author={Bass, Stephen F. and Ruyle, Jessica E.},
  journal={IEEE Antennas and Wireless Propagation Letters}, 
  title={Adaptation of Babinet's Principle for Complementary Antennas in a Dielectric Half-Space}, 
  year={2019},
  volume={18},
  number={2},
  pages={333-337},
  keywords={Dipole antennas;Dielectrics;Impedance;Slot antennas;Permittivity;Media;Adaptive arrays;Babinet's principle;dipole;planar antennas;slot antenna},
  doi={10.1109/LAWP.2018.2890085}
}

@ARTICLE{7892054,
  author={Pelosi, Giuseppe and Selleri, Stefano},
  journal={IEEE Antennas and Propagation Magazine}, 
  title={Babinet's Principle in Electromagnetics: Why Does a Slot Radiate Like a Dipole? [Historical Corner]}, 
  year={2017},
  volume={59},
  number={2},
  pages={144-148},
  keywords={Electromagnetics;Dipole antennas;Conductors;Slot antennas;Radiation effects;Impedance},
  doi={10.1109/MAP.2017.2658345}
  }

% CPW-fed folded-slot
@ARTICLE{481651,
  author={Huan-Shang Tsai and York, R.A.},
  journal={IEEE Transactions on Antennas and Propagation}, 
  title={FDTD analysis of CPW-fed folded-slot and multiple-slot antennas on thin substrates}, 
  year={1996},
  volume={44},
  number={2},
  pages={217-226},
  keywords={Finite difference methods;Time domain analysis;Slot antennas;Impedance;Broadband antennas;Antenna arrays;Bandwidth;Fabrication;Information analysis;Antenna measurements},
  doi={10.1109/8.481651}
  }


%%%%% %%%%%




@ARTICLE{8288685,
  author={Cao, Yun Fei and Zhang, Xiu Yin},
  journal={IEEE Transactions on Antennas and Propagation}, 
  title={A Wideband Beam-Steerable Slot Antenna Using Artificial Magnetic Conductors With Simple Structure}, 
  year={2018},
  volume={66},
  number={4},
  pages={1685-1694},
  keywords={Slot antennas;PIN photodiodes;Bandwidth;Substrates;Antenna radiation patterns;Phased arrays;Artificial magnetic conductors (AMCs);reconfigurable pattern;slot;wideband},
  doi={10.1109/TAP.2018.2804480}
}



@ARTICLE{6678753,
  author={Tu, Zhen and Zhou, Dong-Fang and Zhang, Guang-Qiu and Xing, Feng and Lei, Xue and Zhang, De-Wei},
  journal={IEEE Antennas and Wireless Propagation Letters}, 
  title={A Wideband Cavity-Backed Elliptical Printed Dipole Antenna With Enhanced Radiation Patterns}, 
  year={2013},
  volume={12},
  number={},
  pages={1610-1613},
  keywords={Antenna radiation patterns;Dipole antennas;Antenna measurements;Gain;Bandwidth;Cavity resonators;Broadband antennas;Cavity-backed antennas;printed dipole antennas;unidirectional patterns;wideband antennas},
  doi={10.1109/LAWP.2013.2294058}
}




@ARTICLE{4162462,
  author={Yang, Xue-Song and Wang, Bing-Zhong and Wu, Weixia and Xiao, Shaoqiu},
  journal={IEEE Antennas and Wireless Propagation Letters}, 
  title={Yagi Patch Antenna With Dual-Band and Pattern Reconfigurable Characteristics}, 
  year={2007},
  volume={6},
  number={},
  pages={168-171},
  keywords={Yagi-Uda antennas;Patch antennas;Dual band;Frequency;Radar antennas;Slot antennas;Switches;Etching;Antenna radiation patterns;Antenna measurements;Microstrip antenna;reconfigurable antenna;switched-slot;Yagi patch antenna},
  doi={10.1109/LAWP.2007.895292}
}

@ARTICLE{8668465,
  author={Naqvi, Aqeel Hussain and Lim, Sungjoon},
  journal={IEEE Transactions on Antennas and Propagation}, 
  title={A Beam-Steering Antenna With a Fluidically Programmable Metasurface}, 
  year={2019},
  volume={67},
  number={6},
  pages={3704-3711},
  keywords={Antennas;Substrates;Switches;Dielectric constant;Metamaterials;Reflection;3-D printing;beam-steering antenna;fluidically programmable metasurface (FPMS);partially reflecting surface (PRS)},
  doi={10.1109/TAP.2019.2905690}
}



@ARTICLE{8331824,
  author={Bai, Xia and Su, Ming and Liu, Yuanan and Wu, Yongle},
  journal={IEEE Antennas and Wireless Propagation Letters}, 
  title={Wideband Pattern-Reconfigurable Cone Antenna Employing Liquid-Metal Reflectors}, 
  year={2018},
  volume={17},
  number={5},
  pages={916-919},
  keywords={Metals;Liquids;Antenna radiation patterns;Reflector antennas;Switches;Bandwidth;Antenna measurements;Beam steering;liquid metal;pattern-reconfigurable antenna;reflectors;wideband},
  doi={10.1109/LAWP.2018.2823301}
}

@ARTICLE{9780597,
  author={Geng, Xiong and Su, Ming and Zhang, Yanming and Wang, Anna and Pan, Chengkang and Chen, Xiaochen and Liu, Zheng},
  journal={IEEE Antennas and Wireless Propagation Letters}, 
  title={Pattern-Reconfigurable Liquid Metal Magneto-Electric Dipole Antenna}, 
  year={2022},
  volume={21},
  number={8},
  pages={1683-1687},
  keywords={Dipole antennas;Liquids;Magnetoelectric effects;Magnetic liquids;Antenna radiation patterns;Copper;Reflector antennas;Liquid metal;magneto-electric dipole;parasitic unit;pattern-reconfigurable},
  doi={10.1109/LAWP.2022.3177557}
}

@ARTICLE{8651301,
  author={Ahdi Rezaeieh, Sasan and Abbosh, Amin M.},
  journal={IEEE Antennas and Wireless Propagation Letters}, 
  title={Pattern-Reconfigurable Magnetoelectric Antenna Utilizing Asymmetrical Dipole Arms}, 
  year={2019},
  volume={18},
  number={4},
  pages={688-692},
  keywords={Antenna radiation patterns;Dipole antennas;Antenna measurements;Magnetoelectric effects;Bandwidth;Directive antennas;Magnetoelectric-dipole antenna;pattern-reconfigurable antenna},
  doi={10.1109/LAWP.2019.2901264}
}

@ARTICLE{9448457,
  author={Ke, Yan-Hui and Yang, Ling-Ling and Chen, Jian-Xin},
  journal={IEEE Antennas and Wireless Propagation Letters}, 
  title={Design of Switchable Dual-Balun Feeding Structure for Pattern-Reconfigurable Endfire Antenna}, 
  year={2021},
  volume={20},
  number={8},
  pages={1463-1467},
  keywords={Baluns;Switches;Antenna measurements;Antenna radiation patterns;PIN photodiodes;Gain;Antennas;Endfire antenna;feeding structure;pattern-reconfigurable antenna;switchable dual balun},
  doi={10.1109/LAWP.2021.3087479}
}

@ARTICLE{9695183,
  author={Zhao, Shengnan and Wang, Zhan and Dong, Yuandan},
  journal={IEEE Antennas and Wireless Propagation Letters}, 
  title={A Planar Pattern-Reconfigurable Antenna With Stable Radiation Performance}, 
  year={2022},
  volume={21},
  number={4},
  pages={784-788},
  keywords={Antenna radiation patterns;Dipole antennas;Capacitors;Antenna arrays;Pins;PIN photodiodes;Microstrip;Dipole antenna;omnidirectional;parasitic;pattern-reconfigurable antenna;planar;unidirectional},
  doi={10.1109/LAWP.2022.3146599}
}

@ARTICLE{9663015,
  author={Ke, Yan-Hui and Yang, Ling-Ling and Chen, Jian-Xin},
  journal={IEEE Antennas and Wireless Propagation Letters}, 
  title={A Pattern-Reconfigurable Dielectric Resonator Antenna Based on Switchable Directors}, 
  year={2022},
  volume={21},
  number={3},
  pages={536-540},
  keywords={Antenna radiation patterns;Switches;Antennas;Gain;Antenna measurements;Dielectric resonator antennas;Metals;Dielectric resonator antenna (DRA);endfire antenna;omnidirectional antenna;pattern-reconfigurable antenna},
  doi={10.1109/LAWP.2021.3138084}
}


@INPROCEEDINGS{Huygens_source,
  author={Ryazantsev, R. O. and Salomatov, Yu. P.},
  booktitle={2017 Radiation and Scattering of Electromagnetic Waves (RSEMW)}, 
  title={Huygens source for application in modern electromagnetic simulation software}, 
  year={2017},
  volume={},
  number={},
  pages={303-305},
  keywords={Antenna radiation patterns;Electromagnetic scattering;Antenna arrays;Finite element analysis;Aperture antennas;Impedance;Lenses;Huygens source;EM simulation;aperture antenna;radiation pattern},
  doi={10.1109/RSEMW.2017.8103656}
}

@ARTICLE{Shared_dipole,
  author={Wang, Zhan and Dong, Yuandan},
  journal={Chinese Journal of Electronics}, 
  title={Miniaturized, Shared Electric and Magnetic Dipole, Pattern Diversity IoT Antenna for Sub-6 GHz Applications}, 
  year={2024},
  volume={33},
  number={5},
  pages={1224-1233},
  keywords={Antenna measurements;Dipole antennas;Surface mount technology;Switches;Size measurement;Aperture antennas;Internet of Things;Electric/magnetic dipoles;Internet of things (IoT);Metamaterial-based/inspired antenna},
  doi={10.23919/cje.2023.00.058}
}


@ARTICLE{10737647,
  author={Danuor, Patrick and Moon, Jung-Ick and Lee, Jung-Nam and Jung, Young-Bae},
  journal={IEEE Antennas and Wireless Propagation Letters}, 
  title={A Pattern-Reconfigurable Antenna Using Tunable Band-Stop FSS With Reduced Switching Elements}, 
  year={2025},
  volume={24},
  number={1},
  pages={172-176},
  keywords={Antennas;Antenna radiation patterns;Resonant frequency;Reflector antennas;Directive antennas;Reflection;PIN photodiodes;Current distribution;Antenna arrays;Radio frequency;Band-stop;beam-steering antennas;frequency selective surface (FSS);reconfigurable antennas},
  doi={10.1109/LAWP.2024.3487842}
}

@ARTICLE{10313125,
  author={Nov, Lihour and Chrek, Thorn and Chung, Jae-Young},
  journal={IEEE Access}, 
  title={Characterization of Resistance and Inductance of PIN Diode at mmWave Frequency Using 7-Layer Deep Neural Network}, 
  year={2023},
  volume={11},
  number={},
  pages={126782-126790},
  keywords={P-i-n diodes;Fixtures;Antenna measurements;Transmission line measurements;Artificial neural networks;Training;Microstrip;Deep neural network (DNN);p-i-n diode;equivalent circuit;mmWave;TRL calibration},
  doi={10.1109/ACCESS.2023.3331431}
}
